<record><leader>00000cas a22000007a 4500</leader><controlfield tag="001">21584798</controlfield><controlfield tag="008">900524d19601975aruwr ne      0    0eng d</controlfield><datafield ind1=" " ind2=" " tag="010"><subfield code="a">sn 90050191 </subfield></datafield><datafield ind1=" " ind2=" " tag="040"><subfield code="a">ANU</subfield><subfield code="b">eng</subfield><subfield code="c">ANU</subfield><subfield code="d">OCLCQ</subfield></datafield><datafield ind1=" " ind2=" " tag="042"><subfield code="a">msc</subfield></datafield><datafield ind1="0" ind2=" " tag="130"><subfield code="a">Record (Tuckerman, Ark. : 1960)</subfield></datafield><datafield ind1="1" ind2="4" tag="245"><subfield code="a">The Record.</subfield></datafield><datafield ind1=" " ind2=" " tag="260"><subfield code="a">Tuckerman, Jackson County, Ark. :</subfield><subfield code="b">W.R. Pratt and Roy Evans</subfield></datafield><datafield ind1=" " ind2=" " tag="300"><subfield code="a">v.</subfield></datafield><datafield ind1=" " ind2=" " tag="310"><subfield code="a">Weekly</subfield></datafield><datafield ind1="0" ind2=" " tag="362"><subfield code="a">Vol. 41, no. 35 (Sept. 8, 1960)-v. 57, no. 42 (Oct. 29, 1975).</subfield></datafield><datafield ind1=" " ind2=" " tag="752"><subfield code="a">United States</subfield><subfield code="b">Arkansas</subfield><subfield code="c">Jackson</subfield><subfield code="d">Tuckerman.</subfield></datafield><datafield ind1="0" ind2="0" tag="780"><subfield code="t">Tuckerman record (Tuckerman, Ark. : 1921)</subfield><subfield code="w">(DLC)sn 90050198</subfield></datafield><datafield ind1="0" ind2="0" tag="785"><subfield code="t">Tuckerman record (Tuckerman, Ark. : 1975)</subfield><subfield code="w">(DLC)sn 90050199</subfield></datafield></record>